@article{Ashby2011,
  title={Human category learning 2.0},
  author={Ashby, F Gregory and Maddox, W Todd},
  journal={Annals of the New York Academy of Sciences},
  volume={1224},
  number={1},
  pages={147--161},
  year={2011},
  publisher={Wiley Online Library}
}

@article{DeBrigard2017,
  title={Tracking the emergence of memories: A category-learning paradigm to explore schema-driven recognition.},
  author={De Brigard, Felipe and Timothy F Brady and Luka Ruzic and Daniel L. Schacter},
  journal={Memory \& cognition},
  year={2017},
  volume={45 1},
  pages={105-120}
}